@article{Abl:45,
	author={B.C. Able},
	title={The examination of cell nuclei},
	journal={Birches. J.},
	year={1945},
	volume={35},
	pages={123--126},
}

@article{Andersson2019,
	author = {Joel A E Andersson and Joris Gillis and Greg Horn and James B Rawlings and Moritz Diehl},
	title = {{CasADi} -- {A} software framework for nonlinear optimization and optimal control},
	journal = {Math. Program. Comput.},
	volume = {11},
	number = {1},
	pages = {1--36},
	year = {2019},
	publisher = {Springer},
	doi = {10.1007/s12532-018-0139-4}
}

@book{bryson1975applied,
	title={Applied optimal control: optimization, estimation and control},
	author={Bryson, Arthur Earl},
	year={1975},
	publisher={CRC Press}
}

@article{Chudnovsky1999,
	author = {Chudnovsky, D. V. and Chudnovsky, G. V.},
	doi = {10.1073/pnas.96.22.12263},
	issn = {00278424},
	journal = {Proc. Nat. Acad. Sci. U. S. A.},
	number = {22},
	pages = {12263--12268},
	title = {Solution of the pulse width modulation problem using orthogonal polynomials and Korteweg-de Vries equations},
	volume = {96},
	year = {1999}
}

@article{duranay2017selective,
	title={Selective harmonic eliminated V/f speed control of single-phase induction motor},
	author={Duranay, Zeynep Bala and Guldemir, Hanifi},
	journal={IET Power Electron.},
	volume={11},
	number={3},
	pages={477--483},
	year={2017},
	publisher={IET}
}

@article{Hoft1974,
	author = {Hoft, Richard G. and Patel, Hasmukh S.},
	doi = {10.1109/TIA.1974.349239},
	issn = {19399367},
	journal = {IEEE Trans. Ind. Appl.},
	number = {5},
	pages = {666--673},
	title = {Generalized techniques of Harmonic Elimination and Voltage Control in Thyristor Inverters: part II-voltage control techniques},
	volume = {IA-10},
	year = {1974}
}

@article{Janabi2020,
	author = {Janabi, Ameer and Wang, Bingsen and Czarkowski, Dariusz},
	doi = {10.1109/TPEL.2019.2945684},
	issn = {19410107},
	journal = {IEEE Trans. Power Electron.},
	number = {5},
	pages = {5437--5446},
	publisher = {IEEE},
	title = {Generalized Chudnovsky algorithm for real-time PWM Selective Harmonic Elimination/Modulation: two-level VSI example},
	volume = {35},
	year = {2020}
}

@article{Konstantinou2010,
	author = {Konstantinou, Georgios S. and Agelidis, Vassilios G.},
	doi = {10.1109/ICIT.2010.5472718},
	isbn = {9781424456970},
	journal = {Proc. IEEE International Conference on Industrial Technology},
	pages = {696--701},
	title = {Bipolar switching waveform: novel solution sets to the selective harmonic elimination problem},
	year = {2010}
}

@article{Patangia2014,
	author = {Patangia, Hirak and Bhadra, Sraddhanjoli},
	doi = {10.1109/IECON.2014.7048683},
	isbn = {9781479940325},
	journal = {IECON Proc.},
	pages = {1391--1396},
	publisher = {IEEE},
	title = {Design equations for selective harmonic elimination and microcontroller implementation},
	year = {2014}
}

@article{Rodriguez2002,
	author = {Rodr{\'{i}}guez, Jos{\'{e}} and Lai, Jih Sheng and Peng, Fang Zheng},
	doi = {10.1109/TIE.2002.801052},
	issn = {02780046},
	journal = {IEEE Trans. Ind. Electron.},
	number = {4},
	pages = {724--738},
	title = {Multilevel inverters: a survey of topologies, controls, and applications},
	volume = {49},
	year = {2002}
}

@article{Sun1996,
	author = {Sun, Jian and Beineke, Stephan and Grotstollen, Horst},
	doi = {10.1109/63.506127},
	issn = {08858993},
	journal = {IEEE Trans. Power Electron.},
	number = {4},
	pages = {612--621},
	title = {Optimal PWM based on real-time solution of harmonic elimination equations},
	volume = {11},
	year = {1996}
}

@article{Yang2015,
	author = {Yang, Kehu and Yuan, Zhibao and Yuan, Ruyi and Yu, Wensheng and Yuan, Jiaxin and Wang, Jin},
	doi = {10.1109/TPEL.2014.2388077},
	issn = {08858993},
	journal = {IEEE Trans. Power Electron.},
	number = {12},
	pages = {6581--6592},
	publisher = {IEEE},
	title = {A Groebner bases theory-based method for Selective Harmonic Elimination},
	volume = {30},
	year = {2015}
}

@article{Yang2017,
	author = {Yang, Kehu and Zhang, Qi and Zhang, Jianjun and Yuan, Ruyi and Guan, Qiang and Yu, Wensheng and Wang, Jin},
	doi = {10.1109/TPEL.2016.2548080},
	issn = {08858993},
	journal = {IEEE Trans. Power Electron.},
	number = {2},	
	pages = {1579--1590},
	publisher = {IEEE},
	title = {Unified Selective Harmonic Elimination for multilevel converters},
	volume = {32},
	year = {2017}
}


